<?xml version="1.0" encoding="UTF-8"?><collection xmlns="http://www.loc.gov/MARC21/slim"><record><leader>00350nam--2200121-i-4500</leader><controlfield tag="001">000046043</controlfield><controlfield tag="002">20161230</controlfield><controlfield tag="005">20161230201045</controlfield><controlfield tag="008">060222s1000------------r-----000-0-eng-d</controlfield><datafield ind1=" " ind2=" " tag="080"><subfield code="a">001.89</subfield></datafield><datafield ind1=" " ind2=" " tag="245"><subfield code="a">Union internationale des laboratoires independants. register of members, 1971</subfield></datafield><datafield ind1=" " ind2=" " tag="260"><subfield code="a">Lochem, Netherlands, Lochem Druk, 1971, 217p</subfield></datafield><datafield ind1=" " ind2=" " tag="852"><subfield code="a">D.1267</subfield></datafield></record></collection>